@article{codd1970relational,
  title={A relational model of data for large shared data banks},
  author={Codd, Edgar F},
  journal={Communications of the ACM},
  volume={13},
  number={6},
  pages={377--387},
  year={1970},
  publisher={ACM New York, NY, USA}
}

@article{bernstein1976computational,
  title={Computational problems related to the design of normal form relational schemas},
  author={Bernstein, Philip A},
  journal={ACM Transactions on Database Systems (TODS)},
  volume={1},
  number={1},
  pages={30--59},
  year={1976},
  publisher={ACM New York, NY, USA}
}

@inproceedings{huhtala1999tane,
  title={TANE: An efficient algorithm for discovering functional and approximate dependencies},
  author={Huhtala, Ykä and Kärkkäinen, Juha and Porkka, Pasi and Toivonen, Hannu},
  booktitle={The computer journal},
  volume={42},
  number={2},
  pages={100--111},
  year={1999},
  publisher={Oxford University Press}
}

@inproceedings{novelli2001fun,
  title={FUN: An efficient algorithm for mining functional and embedded dependencies},
  author={Novelli, Nicolas and Cicchetti, Rosine},
  booktitle={International conference on database theory},
  pages={189--203},
  year={2001},
  organization={Springer}
}

@inproceedings{papenbrock2015functional,
  title={Functional dependency discovery: an experimental evaluation of seven algorithms},
  author={Papenbrock, Thorsten and Naumann, Felix},
  booktitle={Proceedings of the VLDB Endowment},
  volume={8},
  number={10},
  pages={1082--1093},
  year={2015},
  publisher={VLDB Endowment}
}

@article{kruse2016efficient,
  title={Efficient discovery of approximate dependencies},
  author={Kruse, Sebastian and Papenbrock, Thorsten and Naumann, Felix},
  journal={Proceedings of the VLDB Endowment},
  volume={9},
  number={4},
  pages={216--227},
  year={2016},
  publisher={VLDB Endowment}
}

@article{fagin1977multivalued,
  title={Multivalued dependencies and a new normal form for relational databases},
  author={Fagin, Ronald},
  journal={ACM transactions on database systems (TODS)},
  volume={2},
  number={3},
  pages={262--278},
  year={1977},
  publisher={ACM New York, NY, USA}
}

@article{mannila1992design,
  title={Design of relational databases},
  author={Mannila, Heikki and Räihä, Kari-Jouko},
  journal={Addison-Wesley Longman Publishing Co., Inc.},
  year={1992}
}

@inproceedings{vincent1999measure,
  title={A measure of quality for database schemas},
  author={Vincent, Millist W and Liu, Jixue and Liu, Chengfei},
  booktitle={International Conference on Conceptual Modeling},
  pages={312--327},
  year={1999},
  organization={Springer}
}

@book{dewitt1992parallel,
  title={Parallel database systems: the future of high performance database systems},
  author={DeWitt, David J and Gray, Jim},
  volume={35},
  number={6},
  year={1992},
  publisher={ACM New York, NY, USA}
}

@article{ioannidis1996query,
  title={Query optimization},
  author={Ioannidis, Yannis E},
  journal={ACM Computing Surveys},
  volume={28},
  number={1},
  pages={121--123},
  year={1996},
  publisher={ACM New York, NY, USA}
}